<?xml version="1.0" encoding="UTF-8"?><collection xmlns="http://www.loc.gov/MARC21/slim"><record><leader>00542nam--2200193-u-4500</leader><controlfield tag="001">000055021</controlfield><controlfield tag="002">20161230</controlfield><controlfield tag="005">20161230201051</controlfield><controlfield tag="008">121022s1000------------r-----000-0-eng-d</controlfield><datafield ind1=" " ind2=" " tag="020"><subfield code="a">9786061300556</subfield></datafield><datafield ind1=" " ind2=" " tag="040"><subfield code="a">IFIN-HH</subfield></datafield><datafield ind1=" " ind2=" " tag="080"><subfield code="a">02</subfield></datafield><datafield ind1="1" ind2=" " tag="100"><subfield code="a">Marinescu, Nicoleta</subfield></datafield><datafield ind1="1" ind2="0" tag="245"><subfield code="a">Isismarc ghid de prelucrare a resurselor informationale</subfield><subfield code="b">Prefata dr. maria micle</subfield><subfield code="c">Nicoleta marinescu, marinela covaci</subfield></datafield><datafield ind1=" " ind2=" " tag="260"><subfield code="a">Iasi</subfield><subfield code="b">Pim</subfield><subfield code="c">2010</subfield></datafield><datafield ind1=" " ind2=" " tag="300"><subfield code="a">183P</subfield></datafield><datafield ind1="1" ind2=" " tag="700"><subfield code="a">Covaci, Marinela</subfield></datafield><datafield ind1=" " ind2=" " tag="852"><subfield code="a">82347</subfield><subfield code="c">02</subfield></datafield><datafield ind1=" " ind2=" " tag="CAT"><subfield code="a">Sys</subfield><subfield code="c">20131106</subfield><subfield code="h">165947</subfield></datafield></record></collection>